@ARTICLE{sextractor,
   author = {{Bertin}, E. and {Arnouts}, S.},
    title = "{SExtractor: Software for source extraction.}",
  journal = {\aaps},
 keywords = {METHODS: DATA ANALYSIS, TECHNIQUES: IMAGE PROCESSING, GALAXIES: PHOTOMETRY},
     year = 1996,
    month = jun,
   volume = 117,
    pages = {393-404},
      doi = {10.1051/aas:1996164},
   adsurl = {http://adsabs.harvard.edu/abs/1996A%26AS..117..393B},
  adsnote = {Provided by the SAO/NASA Astrophysics Data System}
}
@ARTICLE{crlb,
   author = {{Doob}, J.~L.},
    title = "{Book Reviews: Mathematical Methods of Statistics}",
  journal = {Science},
     year = 1946,
    month = nov,
   volume = 104,
    pages = {450},
      doi = {10.1126/science.104.2706.450},
   adsurl = {http://adsabs.harvard.edu/abs/1946Sci...104..450C},
  adsnote = {Provided by the SAO/NASA Astrophysics Data System}
}
@ARTICLE{dfm,
   author = {{Foreman-Mackey}, D. and {Montet}, B.~T. and {Hogg}, D.~W. and 
	{Morton}, T.~D. and {Wang}, D. and {Sch{\"o}lkopf}, B.},
    title = "{A Systematic Search for Transiting Planets in the K2 Data}",
  journal = {\apj},
archivePrefix = "arXiv",
   eprint = {1502.04715},
 primaryClass = "astro-ph.EP",
 keywords = {catalogs, methods: data analysis, methods: statistical, planetary systems, stars: statistics},
     year = 2015,
    month = jun,
   volume = 806,
      eid = {215},
    pages = {215},
      doi = {10.1088/0004-637X/806/2/215},
   adsurl = {http://adsabs.harvard.edu/abs/2015ApJ...806..215F},
  adsnote = {Provided by the SAO/NASA Astrophysics Data System}
}
@ARTICLE{moffat,
   author = {{Trujillo}, I. and {Aguerri}, J.~A.~L. and {Cepa}, J. and {Guti{\'e}rrez}, C.~M.
	},
    title = "{The effects of seeing on S{\'e}rsic profiles - II. The Moffat PSF}",
  journal = {\mnras},
   eprint = {astro-ph/0109067},
 keywords = {ATMOSPHERIC EFFECTS, METHODS: DATA ANALYSIS, GALAXIES: DISTANCES AND REDSHIFTS, GALAXIES: PHOTOMETRY},
     year = 2001,
    month = dec,
   volume = 328,
    pages = {977-985},
      doi = {10.1046/j.1365-8711.2001.04937.x},
   adsurl = {http://adsabs.harvard.edu/abs/2001MNRAS.328..977T},
  adsnote = {Provided by the SAO/NASA Astrophysics Data System}
}
@ARTICLE{im3shape,
   author = {{Zuntz}, J. and {Kacprzak}, T. and {Voigt}, L. and {Hirsch}, M. and 
	{Rowe}, B. and {Bridle}, S.},
    title = "{IM3SHAPE: a maximum likelihood galaxy shear measurement code for cosmic gravitational lensing}",
  journal = {\mnras},
archivePrefix = "arXiv",
   eprint = {1302.0183},
 keywords = {gravitational lensing: weak, methods: data analysis, methods: statistical, techniques: image processing, cosmology: observations, dark energy},
     year = 2013,
    month = sep,
   volume = 434,
    pages = {1604-1618},
      doi = {10.1093/mnras/stt1125},
   adsurl = {http://adsabs.harvard.edu/abs/2013MNRAS.434.1604Z},
  adsnote = {Provided by the SAO/NASA Astrophysics Data System}
}
@book{lecam,
  title={On some asymptotic properties of maximum likelihood estimates and related Bayes' estimates},
  author={Le Cam, Lucien Marie},
  volume={1},
  number={11},
  year={1953},
  publisher={University of California press}
}

@ARTICLE{lobos,
   author = {{Lobos}, R.~A. and {Silva}, J.~F. and {Mendez}, R.~A. and {Orchard}, M.
	},
    title = "{Performance Analysis of the Least-Squares Estimator in Astrometry}",
  journal = {\pasp},
archivePrefix = "arXiv",
   eprint = {1509.00677},
 primaryClass = "astro-ph.IM",
     year = 2015,
    month = nov,
   volume = 127,
    pages = {1166-1182},
      doi = {10.1086/683841},
   adsurl = {http://adsabs.harvard.edu/abs/2015PASP..127.1166L},
  adsnote = {Provided by the SAO/NASA Astrophysics Data System}
}
@INPROCEEDINGS{sdss,
   author = {{Lupton}, R. and {Gunn}, J.~E. and {Ivezi{\'c}}, Z. and {Knapp}, G.~R. and 
	{Kent}, S.},
    title = "{The SDSS Imaging Pipelines}",
booktitle = {Astronomical Data Analysis Software and Systems X},
     year = 2001,
   series = {Astronomical Society of the Pacific Conference Series},
   volume = 238,
   eprint = {astro-ph/0101420},
   editor = {{Harnden}, Jr., F.~R. and {Primini}, F.~A. and {Payne}, H.~E.
	},
    pages = {269},
   adsurl = {http://adsabs.harvard.edu/abs/2001ASPC..238..269L},
  adsnote = {Provided by the SAO/NASA Astrophysics Data System}
}

@ARTICLE{galsim,
   author = {{Rowe}, B.~T.~P. and {Jarvis}, M. and {Mandelbaum}, R. and {Bernstein}, G.~M. and 
	{Bosch}, J. and {Simet}, M. and {Meyers}, J.~E. and {Kacprzak}, T. and 
	{Nakajima}, R. and {Zuntz}, J. and {Miyatake}, H. and {Dietrich}, J.~P. and 
	{Armstrong}, R. and {Melchior}, P. and {Gill}, M.~S.~S.},
    title = "{GALSIM: The modular galaxy image simulation toolkit}",
  journal = {Astronomy and Computing},
archivePrefix = "arXiv",
   eprint = {1407.7676},
 primaryClass = "astro-ph.IM",
 keywords = {Methods: data analysis, Techniques: image processing, Gravitational lensing, Cosmology: observations},
     year = 2015,
    month = apr,
   volume = 10,
    pages = {121-150},
      doi = {10.1016/j.ascom.2015.02.002},
   adsurl = {http://adsabs.harvard.edu/abs/2015A%26C....10..121R},
  adsnote = {Provided by the SAO/NASA Astrophysics Data System}
}

@MISC{im3shape_code,
   author = {{Zuntz}, J. and {Kacprzak}, T. and {Voigt}, L. and {Hirsch}, M. and 
	{Rowe}, B. and {Bridle}, S.},
    title = "{IM3SHAPE: Maximum likelihood galaxy shear measurement code for cosmic gravitational lensing}",
 keywords = {Software},
howpublished = {Astrophysics Source Code Library},
     year = 2014,
    month = sep,
archivePrefix = "ascl",
   eprint = {1409.013},
   adsurl = {http://adsabs.harvard.edu/abs/2014ascl.soft09013Z},
  adsnote = {Provided by the SAO/NASA Astrophysics Data System}
}

@ARTICLE{des,
   author = {{Jarvis}, M. and {Sheldon}, E. and {Zuntz}, J. and {Kacprzak}, T. and 
	{Bridle}, S.~L. and {Amara}, A. and {Armstrong}, R. and {Becker}, M.~R. and 
	{Bernstein}, G.~M. and {Bonnett}, C. and {Chang}, C. and {Das}, R. and 
	{Dietrich}, J.~P. and {Drlica-Wagner}, A. and {Eifler}, T.~F. and 
	{Gangkofner}, C. and {Gruen}, D. and {Hirsch}, M. and {Huff}, E.~M. and 
	{Jain}, B. and {Kent}, S. and {Kirk}, D. and {MacCrann}, N. and 
	{Melchior}, P. and {Plazas}, A.~A. and {Refregier}, A. and {Rowe}, B. and 
	{Rykoff}, E.~S. and {Samuroff}, S. and {S{\'a}nchez}, C. and 
	{Suchyta}, E. and {Troxel}, M.~A. and {Vikram}, V. and {Abbott}, T. and 
	{Abdalla}, F.~B. and {Allam}, S. and {Annis}, J. and {Benoit-L{\'e}vy}, A. and 
	{Bertin}, E. and {Brooks}, D. and {Buckley-Geer}, E. and {Burke}, D.~L. and 
	{Capozzi}, D. and {Carnero Rosell}, A. and {Carrasco Kind}, M. and 
	{Carretero}, J. and {Castander}, F.~J. and {Clampitt}, J. and 
	{Crocce}, M. and {Cunha}, C.~E. and {D'Andrea}, C.~B. and {da Costa}, L.~N. and 
	{DePoy}, D.~L. and {Desai}, S. and {Diehl}, H.~T. and {Doel}, P. and 
	{Fausti Neto}, A. and {Flaugher}, B. and {Fosalba}, P. and {Frieman}, J. and 
	{Gaztanaga}, E. and {Gerdes}, D.~W. and {Gruendl}, R.~A. and 
	{Gutierrez}, G. and {Honscheid}, K. and {James}, D.~J. and {Kuehn}, K. and 
	{Kuropatkin}, N. and {Lahav}, O. and {Li}, T.~S. and {Lima}, M. and 
	{March}, M. and {Martini}, P. and {Miquel}, R. and {Mohr}, J.~J. and 
	{Neilsen}, E. and {Nord}, B. and {Ogando}, R. and {Reil}, K. and 
	{Romer}, A.~K. and {Roodman}, A. and {Sako}, M. and {Sanchez}, E. and 
	{Scarpine}, V. and {Schubnell}, M. and {Sevilla-Noarbe}, I. and 
	{Smith}, R.~C. and {Soares-Santos}, M. and {Sobreira}, F. and 
	{Swanson}, M.~E.~C. and {Tarle}, G. and {Thaler}, J. and {Thomas}, D. and 
	{Walker}, A.~R. and {Wechsler}, R.~H.},
    title = "{The DES Science Verification weak lensing shear catalogues}",
  journal = {\mnras},
archivePrefix = "arXiv",
   eprint = {1507.05603},
 primaryClass = "astro-ph.IM",
 keywords = {gravitational lensing: weak, methods: data analysis, techniques: image processing, catalogues, surveys, cosmology: observations},
     year = 2016,
    month = aug,
   volume = 460,
    pages = {2245-2281},
      doi = {10.1093/mnras/stw990},
   adsurl = {http://adsabs.harvard.edu/abs/2016MNRAS.460.2245J},
  adsnote = {Provided by the SAO/NASA Astrophysics Data System}
}

